@article{einstein,
    author = "Albert Einstein",
    title = "{Zur Elektrodynamik bewegter K{\"o}rper}. ({German})
    [{On} the electrodynamics of moving bodies]",
    journal = "Annalen der Physik",
    volume = "322",
    number = "10",
    pages = "891--921",
    year = "1905",
    DOI = "http://dx.doi.org/10.1002/andp.19053221004",
    keywords = "physics"
}

@book{dirac,
    title = {The Principles of Quantum Mechanics},
    author = {Paul Adrien Maurice Dirac},
    isbn = {9780198520115},
    series = {International series of monographs on physics},
    year = {1981},
    publisher = {Clarendon Press},
    keywords = {physics}
}

@online{knuthwebsite,
    author = "Donald Knuth",
    title = "Knuth: Computers and Typesetting",
    url  = "http://www-cs-faculty.stanford.edu/~uno/abcde.html",
    addendum = "(accessed: 01.09.2016)",
    keywords = "latex,knuth"
}

@inbook{knuth-fa,
    author = "Donald E. Knuth",
    title = "Fundamental Algorithms",
    publisher = "Addison-Wesley",
    year = "1973",
    chapter = "1.2",
    keywords  = "knuth,programming"
}

@article{carnosic_review,
	author = "Birtić, Simona and Dussort, Pierre and Pierre, François-Xavier and Bily, Antoine and Roller, Marc",
	year = "2015",
	title = "Carnosic Acid",
	journal = "Phytochemistry",
	volume = "115",
	pages = "9-19",
	DOI = "http://dx.doi.org/10.1016/j.pythochem.2014.12.026",
	keywords = "Lamiaceae,Labiatae,Salvia,Rosmarinus officinalis,Rosemary,Sage,Carnosic Acid,Antioxidant,Photoxidation,Photoprotection,Oxidation"	
}

@article{auroma_1992,
	author = "Auroma, Ol and Halliwell, B. and Aeschbach, R. and Löligers, J.",
	year = "1992",
	title = "Antioxidant and pro-oxidant properties of active rosemary constituents: carnosol and carnosic acid",
	journal = "Xenobiotica",
	volume = "-",
	pages = "257-268",
	DOI = "https://doi.org/10.3109/00498259209046624",
	keywords = "-"
}

@article{huang_1996,
author = "Huang, Shu Wen and Frankel, Edwin N. and Schwarz Karin and Aeschbach, Robert and German, Bruce J.",
year = "1996",
title = "Antioxidant Activity of Carnosic Acid and Methyl Carnosate in Bulk Oils and Oil-in-Water Emulsions",
journal = "Journal of Agricultural and Food Chemistry",
volume = "44",
pages = "2951-2956",
DOI = "10.1021/jf960068r",
keywords = "-"
}


@article{cuvelier_1994,
	author = "Marie Elisabeth Cuvelier and Claudette Berset and Hubert Richard",
	year = "1994",
	title = "Antioxidant Constituents in Sage (Salvia officinalis)",
	journal = "J. Agric. Food Chem",
	volume = "42",
	pages = "665-669",
	DOI = "https://doi.org/10.1021/jf00039a012",
	keywords = "-"
}


@article{erkan_2008,
	author = "Naciye Erkan and Guler Ayranci and Erol Ayranci",
	year = "2008",
	title = "Antioxidant activities of rosemary (Rosmarinus Officinalis L.) extract, blackseed (Nigella sativa L.) essential oil, carnosic acid, rosmarinic acid and sesamol",
	journal = "Food Chemistry",
	volume = "110",
	pages = "76-82",
	DOI = "https://doi.org/10.1016/j.foodchem.2008.01.058",
	keywords = "."
}

@article{richeimer_1996,
	author = "Steven L. Richheimer and Matthew W. Bernart and Greg A. King and Michael C. Kent and David T. Beiley ",
	year = "1996",
	title = "Antioxidant activity of lipid-soluble phenolic diterpenes from rosemary",
	journal = "Journal of the American Oil Chemists’ Society",
	volume = "76",
	pages = "507-514",
	DOI = "https://doi.org/10.1007/BF02523927",
	keywords = "-"
}

@article{efsa_2008,
	author = "Fernando Aguilar and Herman Autrup and Sue Barlow and Laurence Castle and Riccardo Crebelli and Wolfgang Dekant and Karl-Heinz Engel and Natalie Gontard and David Gott and Sandro Grilli and Rainer Gürtler and John Chr. Larsen and Catherine Leclercq and Jean-Charles Leblanc and F. Xavier Malcata and Wim Mennes and Maria Rosaria Milana and Iona Pratt and Ivonne Rietjens and Paul Tobback and Fidel Toldrá",
	year = "2008",
	title = "Scientific Opinion of the Panel on Food Additives, Flavourings, Processing Aids and Materials in Contact with Food",
	journal = "The EFSA Journal",
	volume = "721",
	pages = "1-29",
	DOI = "-",
	keywords = "-"
}

@article{barni_2012,
	author = "Barni M.V. and Carlini M.J. and Cafferata E.G. and Puricelli L. and Moreno S.",
	year = "2012",
	title = "Carnosic acid inhibits the proliferation and migration capacity of human colorectal cancer cells.",
	journal = "Oncology Reports",
	volume = "27",
	pages = "1041-1048",
	DOI = "https://doi.org/10.3892/or.2012.1630",
	keywords = "-"
}


@article{gao_2014,
	author = "Qilong Gao and Huaimin Liu and Yamin Yao an  Liang and Geng and Xinfeng Zhang and Lifeng Jiang and Bian Shi and Feng Yang",
	year = "2014",
	title = "Carnosic acid induces autophagic cell death through inhibition of the Akt/mTOR pathway in human hepatoma cells",
	journal = "Journal Of Applied Toxicology",
	volume = "35",
	pages = "485-492",
	DOI = "https://doi.org/10.1002/jat.3049",
	keywords = "-"
}

@article{xiang_2012,
author = {Xiang, Qisen and Liu, Zhigang and Wang, Yutang and Xiao, Haifang and Wu, Wanqiang and Xiao, Chunxia and Xuebo, Liu},
year = {2012},
month = {11},
pages = {},
title = {Carnosic acid attenuates lipopolysaccharide-induced liver injury in rats via fortifying cellular antioxidant defense system},
volume = {53},
journal = {Food and chemical toxicology : an international journal published for the British Industrial Biological Research Association},
doi = {10.1016/j.fct.2012.11.001}
}


@article{costa_2007,
author = {Costa, Stefano and Utan, Anelì and Speroni, Ester and Cervellati, Rinaldo and Piva, Gianfranco and Prandini, Aldo and Guerra, Maria Clelia},
title = {Carnosic acid from rosemary extracts: a potential chemoprotective agent against aflatoxin B1. An in vitro study},
journal = {Journal of Applied Toxicology},
volume = {27},
number = {2},
pages = {152-159},
keywords = {carnosic acid, HepG2 cells, aflatoxin B1, cell viability, ROS, 8-hydroxy-2′-deoxyguanosine},
doi = {10.1002/jat.1186},
url = {https://onlinelibrary.wiley.com/doi/abs/10.1002/jat.1186},
eprint = {https://onlinelibrary.wiley.com/doi/pdf/10.1002/jat.1186},
year = {2007}
}


@article{steiner_2001,
author = { Michael   Steiner  and  Irene   Priel  and  Judith   Giat  and  Joseph   Levy  and  Yoav   Sharoni  and  Michael   Danilenko },
title = {Carnosic Acid Inhibits Proliferation and Augments Differentiation of Human Leukemic Cells Induced by 1,25-Dihydroxyvitamin Dsub3 and Retinoic Acid},
journal = {Nutrition and Cancer},
volume = {41},
number = {1-2},
pages = {135-144},
year  = {2001},
doi = {10.1080/01635581.2001.9680624}
}

@article{lopez_2011,
author = {López-Jiménez, Auxiliadora and García-Caballero, Melissa and Medina, Miguel and Quesada, Ana},
year = {2011},
month = {12},
pages = {},
title = {Anti-angiogenic properties of carnosol and carnosic acid, two major dietary compounds from rosemary},
volume = {52},
journal = {European journal of nutrition},
doi = {10.1007/s00394-011-0289-x}
}

@article{park_2014,
author = {Park, So Young and Song, Hyerim and Sung, Mi-Kyung and Kang, Young-Hee and Lee, Ki and Park, Jung},
year = {2014},
month = {07},
pages = {12698-12713},
title = {Carnosic Acid Inhibits the Epithelial-Mesenchymal Transition in B16F10 Melanoma Cells: A Possible Mechanism for the Inhibition of Cell Migration},
volume = {15},
journal = {International journal of molecular sciences},
doi = {10.3390/ijms150712698}
}


